@article{Nickolls:2008:SPP:1365490.1365500,
 author = {Nickolls, John and Buck, Ian and Garland, Michael and Skadron, Kevin},
 title = {Scalable Parallel Programming with CUDA},
 journal = {Queue},
 issue_date = {March/April 2008},
 volume = {6},
 number = {2},
 month = mar,
 year = {2008},
 issn = {1542-7730},
 pages = {40--53},
 numpages = {14},
 url = {http://doi.acm.org/10.1145/1365490.1365500},
 doi = {10.1145/1365490.1365500},
 acmid = {1365500},
 publisher = {ACM},
 address = {New York, NY, USA},
} 


@misc{Applications,
  title = {GPU-ACCELERATED APPLICATIONS},
  howpublished = {\url{http://www.nvidia.com/content/tesla/pdf/gpu-apps-catalog-mar14-digital-fnl-hr.pdf}},
  note = {Accessed: 2015-1-8}
}

@misc{Fermi,
  title = {Introduction To CUDA},
  howpublished = {\url{http://www.karimson.com/posts/introduction-to-cuda/}},
  note = {Accessed: 2015-1-8}
}


@techreport{Bell:SpMV:NVIDIA:2008,
    author = {Nathan Bell and Michael Garland},
    title = {Efficient Sparse Matrix-Vector Multiplication on {CUDA}},
    month = dec,
    year = 2008,
    institution = {NVIDIA Corporation},
    type = {NVIDIA Technical Report},
    number = {NVR-2008-004},
}